@techreport{Beck2008,
author = {Beck, Anders},
file = {:C$\backslash$:/Users/Peter/Documents/DTU/7. semester/BSc/Referancer/Rhd.pdf:pdf},
title = {{Special Course}},
year = {2008}
}
